%! Author = enzo
%! Date = 04-11-23

